<?xml version="1.0" encoding="UTF-8"?><collection xmlns="http://www.loc.gov/MARC21/slim"><record><leader>00332nam--2200121-i-4500</leader><controlfield tag="001">000025772</controlfield><controlfield tag="002">20161230</controlfield><controlfield tag="005">20161230201036</controlfield><controlfield tag="008">060222s1000------------r-----000-0-eng-d</controlfield><datafield ind1=" " ind2=" " tag="080"><subfield code="a">061.62(420):001.891:534</subfield></datafield><datafield ind1=" " ind2=" " tag="245"><subfield code="a">Inst.of sound and vibration research. annual report 1990</subfield></datafield><datafield ind1=" " ind2=" " tag="260"><subfield code="a">Southampton, Univ., 1990. P.Dif</subfield></datafield><datafield ind1=" " ind2=" " tag="852"><subfield code="a">79842</subfield></datafield></record></collection>